@article{DBLP:journals/corr/abs-1905-02244,
  author    = {Andrew Howard and
               Mark Sandler and
               Grace Chu and
               Liang{-}Chieh Chen and
               Bo Chen and
               Mingxing Tan and
               Weijun Wang and
               Yukun Zhu and
               Ruoming Pang and
               Vijay Vasudevan and
               Quoc V. Le and
               Hartwig Adam},
  title     = {Searching for MobileNetV3},
  journal   = {CoRR},
  volume    = {abs/1905.02244},
  year      = {2019},
  url       = {http://arxiv.org/abs/1905.02244},
  archivePrefix = {arXiv},
  eprint    = {1905.02244},
  timestamp = {Mon, 27 May 2019 13:15:00 +0200},
  biburl    = {https://dblp.org/rec/journals/corr/abs-1905-02244.bib},
  bibsource = {dblp computer science bibliography, https://dblp.org}
}

