@Article{Howard2019,
  author    = {Howard, Andrew and Pang, Ruoming and Adam, Hartwig and Le, Quoc and Sandler, Mark and Chen, Bo and Wang, Weijun and Chen, Liang-Chieh and Tan, Mingxing and Chu, Grace and et al.},
  journal   = {2019 IEEE/CVF International Conference on Computer Vision (ICCV)},
  title     = {Searching for MobileNetV3},
  year      = {2019},
  month     = {Oct},
  doi       = {10.1109/iccv.2019.00140},
  eprint    = {1905.02244},
  isbn      = {9781728148038},
  publisher = {IEEE},
  url       = {http://dx.doi.org/10.1109/ICCV.2019.00140},
}

